@book{anderson2008security,
	title={Security engineering},
	author={Anderson, Ross},
	year={2008},
	publisher={John Wiley \& Sons}
}

@article{ardagna2008privacy,
	title={A privacy-aware access control system},
	author={Ardagna, Claudio Agostino and Cremonini, Marco and De Capitani di Vimercati, S and Samarati, Pierangela},
	journal={Journal of Computer Security},
	volume={16},
	number={4},
	pages={369--397},
	year={2008}
}


@article{ardagna2010exploiting,
	title={Exploiting cryptography for privacy-enhanced access control: A result of the PRIME Project},
	author={Ardagna, Claudio Agostino and Camenisch, Jan and Kohlweiss, Markulf and Leenes, Ronald and Neven, Gregory and Priem, Bart and Samarati, Pierangela and Sommer, Dieter and Verdicchio, Mario},
	journal={Journal of Computer Security},
	volume={18},
	number={1},
	pages={123--160},
	year={2010},
	publisher={Citeseer}
}

@inproceedings{ardagna2010enabling,
	title={Enabling privacy-preserving credential-based access control with XACML and SAML},
	author={Ardagna, Claudio Agostino and De Capitani di Vimercati, Sabrina and Neven, Gregory and Paraboschi, Stefano and Preiss, Franz-Stefan and Samarati, Pierangela and Verdicchio, Mario and others},
	booktitle={Computer and Information Technology (CIT), 2010 IEEE 10th International Conference on},
	pages={1090--1095},
	year={2010},
	organization={IEEE}
}


@incollection{ayed2014integration,
	title={Integration of Data-Minimising Authentication into Authorisation Systems},
	author={Ayed, Dhouha and Bichsel, Patrik and Camenisch, Jan and den Hartog, Jerry},
	booktitle={Trust and Trustworthy Computing},
	pages={179--187},
	year={2014},
	publisher={Springer}
}

@book{bertino2011identity,
	title={Identity Management: Concepts, Technologies, and Systems},
	author={Bertino, Elisa and Takahashi, Kenji},
	year={2011},
	publisher={Artech House}
}

@inproceedings{byun2005purpose,
	title={Purpose based access control of complex data for privacy protection},
	author={Byun, Ji-Won and Bertino, Elisa and Li, Ninghui},
	booktitle={Proceedings of the tenth ACM symposium on Access control models and technologies},
	pages={102--110},
	year={2005},
	organization={ACM}
}

@book{brands2000rethinking,
	title={Rethinking public key infrastructures and digital certificates: building in privacy},
	author={Brands, Stefan A},
	year={2000},
	publisher={MIT Press}
}

@incollection{camenisch2001efficient,
	title={An efficient system for non-transferable anonymous credentials with optional anonymity revocation},
	author={Camenisch, Jan and Lysyanskaya, Anna},
	booktitle={Advances in Cryptology\-EUROCRYPT 2001},
	pages={93--118},
	year={2001},
	publisher={Springer}
}

@inproceedings{camenisch2002design,
	title={Design and implementation of the idemix anonymous credential system},
	author={Camenisch, Jan and Van Herreweghen, Els},
	booktitle={Proceedings of the 9th ACM conference on Computer and communications security},
	pages={21--30},
	year={2002},
	organization={ACM}
}
@inproceedings{camenisch2009credential,
	title={Credential-based access control extensions to xacml},
	author={Camenisch, Jan and Modersheim, S and Neven, Gregory and Preiss, S and Sommer, Dieter},
	booktitle={W3C Workshop on Access Control Application Scenarios, Luxembourg},
	volume={17},
	year={2009}
}
@article{camenisch2012information,
	title={Information privacy?!},
	author={Camenisch, Jan},
	journal={Computer networks},
	volume={56},
	number={18},
	pages={3834--3848},
	year={2012},
	publisher={Elsevier}
}

@article{camenisch2014concepts,
	title={Concepts and languages for privacy-preserving attribute-based authentication},
	author={Camenisch, Jan and Dubovitskaya, Maria and Enderlein, Robert R and Lehmann, Anja and Neven, Gregory and Paquin, Christian and Preiss, Franz-Stefan},
	journal={Journal of Information Security and Applications},
	volume={19},
	number={1},
	pages={25--44},
	year={2014},
	publisher={Elsevier}
}

@inproceedings{cao2010survey,
	title={A survey of identity management technology},
	author={Cao, Yuan and Yang, Lin},
	booktitle={Information Theory and Information Security (ICITIS), 2010 IEEE International Conference on},
	pages={287--293},
	year={2010},
	organization={IEEE}
}

@article{chadwick2008permis,
	title={PERMIS: a modular authorization infrastructure},
	author={Chadwick, David and Zhao, Gansen and Otenko, Sassa and Laborde, Romain and Su, Linying and Nguyen, Tuan Anh},
	journal={Concurrency and Computation: Practice and Experience},
	volume={20},
	number={11},
	pages={1341--1357},
	year={2008},
	publisher={Wiley Online Library}
}

@article{chadwick2012privacy,
	title={A privacy preserving authorisation system for the cloud},
	author={Chadwick, David W and Fatema, Kaniz},
	journal={Journal of Computer and System Sciences},
	volume={78},
	number={5},
	pages={1359--1373},
	year={2012},
	publisher={Elsevier}
}
@article{dagdee2011extending,
	title={Extending XACML to support Credential Based Hybrid Access Control},
	author={Dagdee, Nirmal and Vijaywargiya, Ruchi},
	journal={IJCSI},
	year={2011},
	publisher={Citeseer}
}

@article{danezis2015privacy,
	title={Privacy and Data Protection by Design-from policy to engineering},
	author={Danezis, George and Domingo-Ferrer, Josep and Hansen, Marit and Hoepman, Jaap-Henk and Metayer, Daniel Le and Tirtea, Rodica and Schiffner, Stefan},
	journal={arXiv preprint arXiv:1501.03726},
	year={2015}
}

@inproceedings{decat2012toward,
	title={Toward efficient and confidentiality-aware federation of access control policies},
	author={Decat, Maarten and Lagaisse, Bert and Joosen, Wouter},
	booktitle={Proceedings of the 7th Workshop on Middleware for Next Generation Internet Computing},
	pages={4},
	year={2012},
	organization={ACM}
}

@inproceedings{decat2013federated,
	title={Federated authorization for software-as-a-service applications},
	author={Decat, Maarten and Lagaisse, Bert and Van Landuyt, Dimitri and Crispo, Bruno and Joosen, Wouter},
	booktitle={On the move to meaningful internet systems: OTM 2013 Conferences},
	pages={342--359},
	year={2013},
	organization={Springer}
}



@article{decat2014middleware,
	author={Decat, Maarten and Lagaisse, Bert and Joosen, Wouter},
	title={Middleware for efficient and confidentiality-aware federation of access control policies},
	journal={Journal of Internet Services and Applications},
	year="2014",
	volume="5",
	number="1",
	pages={1--15},
	issn={1869-0238},
	doi={10.1186/1869-0238-5-1},
	url={http://dx.doi.org/10.1186/1869-0238-5-1}
}

@article{deng2011privacy,
	title={A privacy threat analysis framework: supporting the elicitation and fulfillment of privacy requirements},
	author={Deng, Mina and Wuyts, Kim and Scandariato, Riccardo and Preneel, Bart and Joosen, Wouter},
	journal={Requirements Engineering},
	volume={16},
	number={1},
	pages={3--32},
	year={2011},
	publisher={Springer}
}

@article{directive199595,
	title={Directive 95/46/EC of the European Parliament and of the Council of 24 October 1995 on the protection of individuals with regard to the processing of personal data and on the free movement of such data},
	author={{EU Directive}},
	journal={Official Journal of the EC},
	volume={23},
	number={6},
	year={1995},
	url={http://eur-lex.europa.eu/legal-content/EN/TXT/HTML/?uri=CELEX:31995L0046},
	urldate={01 march 2016},
	note = {[online] \url{http://eur-lex.europa.eu/legal-content/EN/TXT/HTML/?uri=CELEX:31995L0046} (Accessed 01 march 2016)}	
}

@inproceedings{el2007survey,
	title={A survey of user-centric identity management technologies},
	author={El Maliki, Tewfiq and Seigneur, Jean-Marc},
	booktitle={Emerging Security Information, Systems, and Technologies, 2007. SecureWare 2007. The International Conference on},
	pages={12--17},
	year={2007},
	organization={IEEE}
}

@article{erdos2002shibboleth,
	title={Shibboleth architecture draft v05},
	author={Erdos, Marlena and Cantor, Scott},
	journal={Internet2/MACE, May},
	volume={2},
	pages={33},
	year={2002}
}

@phdthesis{fatema2013adding,
	title={Adding Privacy Protection to Policy Based Authorisation Systems},
	author={Fatema, KANIZ},
	year={2013},
	school={PhD thesis, University of Kent, UK (to appear, 2014)}
}

@inproceedings{ferraiolo1992role,
	title={Role-based access controls},
	author={Ferraiolo, David F. and Kuhn, D. Richard},
	booktitle={Proceedings of 15th NIST-NCSC National Computer Security Conference},
	volume={563},
	year={1992},
	organization={Baltimore, Maryland: NIST-NCSC}
}

@book{fischer2001security,
	title={IT-security and privacy: design and use of privacy-enhancing security mechanisms},
	author={Fischer-H{\"u}bner, Simone},
	year={2001},
	publisher={Springer-Verlag},
	location={Berlin}
}

@book{gollmann2011compsecurity,
	author = {Dieter Gollmann},
	title = {Computer Security},
	publisher = {John Wiley \& Sons},
	year = {2011},
	month = {Feb.},
	isbn = {978-0-470-74115-3},
	pages = {456},
	language = {English},
	edition = {3},
}

@online{goodner2009ws,
	author = {Goodner, M and Nadalin, A},
	title = {Web Services Federation Language (WS-Federation) Version 1.2},
	year = {2009},
	url = {http://docs.oasis-open.org/wsfed/federation/v1.2/os/ws-federation-1.2-spec-os.html},
	urldate = {25 October 2015},
	note = {[online] \url{http://docs.oasis-open.org/wsfed/federation/v1.2/os/ws-federation-1.2-spec-os.html} (Accessed 25 October 2015)}	
}

@article{gurses2011engineering,
	title={Engineering privacy by design},
	author={G{\"u}rses, Seda and Troncoso, Carmela and Diaz, Claudia},
	journal={Computers, Privacy \& Data Protection},
	volume={14},
	year={2011}
}

@techreport{hardjono-oauth-umacore-14,
	number=		{draft-hardjono-oauth-umacore-14},
	type =		{Internet-Draft},
	institution =	{Internet Engineering Task Force},
	publisher =	{Internet Engineering Task Force},
	note =		{Work in Progress},
	url =		{https://tools.ietf.org/html/draft-hardjono-oauth-umacore-14},
	author=		{Thomas Hardjono and Eve Maler and Maciej Machulak and Domenico Catalano},
	title=		{{User-Managed Access (UMA) Profile of OAuth 2.0}},
	pagetotal =	4,
	year =		2016,
	month =		jan,
	day =		26,
	abstract =	{User-Managed Access (UMA) is a profile of OAuth 2.0. UMA defines how resource owners can control protected-resource access by clients operated by arbitrary requesting parties, where the resources reside on any number of resource servers, and where a centralized authorization server governs access based on resource owner policies.},
}


@article{hardt2012oauth,
	title={The OAuth 2.0 authorization framework (RFC 6749)},
	author={Hardt, Dick},
	year={2012},	
	url={http://www.rfc-editor.org/info/rfc6749},
	urldate = {20 October 2015},
	note = {[online] \url{http://www.rfc-editor.org/info/rfc6749} (Accessed 20 October 2015)}
}



@article{heurix2015taxonomy,
	title={A Taxonomy for Privacy Enhancing Technologies},
	author={Heurix, Johannes and Zimmermann, Peter and Neubauer, Thomas and Fenz, Stefan},
	journal={Computers \& Security},
	year={2015},
	publisher={Elsevier}
}

@article{huABAC2014guide,
	title={Guide to attribute based access control (ABAC) definition and considerations},
	author={Hu, Vincent C and Ferraiolo, David and Kuhn, Rick and Schnitzer, Adam and Sandlin, Kenneth and Miller, Robert and Scarfone, Karen},
	journal={NIST Special Publication},
	volume={800},
	pages={162},
	year={2014}
}

@online{igf2015,
	title={Identity Governance Framework},
	publisher={Liberty Alliance Project},
	urldate={25 Oct 2015}
}

@misc{itut1996acframework,
	title={ITU-T Recommendation X.812 (1995)|ISO/IEC 10181-3:1996, Information Technology - Open Systems Interconnection - Security frameworks in Open Systems: Access control framework},
	organization={ITU-T},
	year={1996},
	publisher={ITU-T}
}

@article{jin2012unified,
	title={A Unified Attribute-Based Access Control Model Covering DAC, MAC and RBAC.},
	author={Jin, Xin and Krishnan, Ram and Sandhu, Ravi S},
	journal={DBSec},
	volume={12},
	pages={41--55},
	year={2012},
	publisher={Springer}
}

@inproceedings{kagal2010access,
	title={Access control is an inadequate framework for privacy protection},
	author={Kagal, Lalana and Abelson, Hal},
	booktitle={W3C Privacy Workshop},
	pages={1--6},
	year={2010}
}

@inproceedings{karp2010abac,
	title={From ABAC to ZBAC: the evolution of access control models},
	author={Karp, Alan H and Haury, Harry and Davis, Michael H},
	booktitle={Proceedings of the 5th International Conference on Information Warfare and Security, ed. EL Armistead},
	pages={202--211},
	year={2010}
}

@incollection{kolter2007privacy,
	title={A privacy-enhanced attribute-based access control system},
	author={Kolter, Jan and Schillinger, Rolf and Pernul, G{\"u}nther},
	booktitle={Data and Applications Security XXI},
	pages={129--143},
	year={2007},
	publisher={Springer}
}

@inproceedings{koning2014abc,
  author={Koning, Merel and Korenhof, Paulan and Alp{\'a}r, Gergely and Hoepman, Jaap-Henk},
  title={The ABC of ABC-An Analysis of Attribute-Based Credentials in the Light of Data Protection, Privacy and Identity},
  editor={Padullés, Joan Balcells},
  year={2014},
  publisher={Huygens Editorial},
  booktitle = {Internet, Law & Politics : A decade of transformations},
  eventtitle = {Proceedings of the 10th International Conference on Internet, Law & Politics},
  eventdate = {3-4 July},
  pages = {357--374},
}

@incollection{kounga2010extending,
	title={Extending XACML access control architecture for allowing preference-based authorisation},
	author={Kounga, Gina and Mont, Marco Casassa and Bramhall, Pete},
	booktitle={Trust, Privacy and Security in Digital Business},
	pages={153--164},
	year={2010},
	publisher={Springer}
}

@article{kuschewsky2014new,
	title={The new privacy guidelines of the OECD: what changes for businesses?},
	author={Kuschewsky, Monika},
	journal={Journal of European Competition Law \& Practice},
	pages={lpu015},
	year={2014},
	publisher={Oxford University Press}
}



@article{lampson1974protection,
	title={Protection},
	author={Lampson, Butler W},
	journal={ACM SIGOPS Operating Systems Review},
	volume={8},
	number={1},
	pages={18--24},
	year={1974},
	publisher={ACM}
}

@article{landwehr2012privacy,
	title={Privacy and cybersecurity: The next 100 years},
	author={Landwehr, Carl and Boneh, Dan and Mitchell, John C and Bellovin, Steven M and Landau, Susan and Lesk, Michael E},
	journal={Proceedings of the IEEE},
	volume={100},
	number={Special Centennial Issue},
	pages={1659--1673},
	year={2012},
	publisher={IEEE}
}

@inproceedings{lin2008policy,
	title={Policy decomposition for collaborative access control},
	author={Lin, Dan and Rao, Prathima and Bertino, Elisa and Li, Ninghui and Lobo, Jorge},
	booktitle={Proceedings of the 13th ACM symposium on Access control models and technologies},
	pages={103--112},
	year={2008},
	organization={ACM}
}

@article{liu2010data,
	title={Data loss prevention},
	author={Liu, Simon and Kuhn, Rick},
	journal={IT professional},
	volume={12},
	number={2},
	pages={10--13},
	year={2010},
	publisher={IEEE},
	doi={10.1109/MITP.2010.52},
	ISSN={1520-9202},
	month={March}
}

@inproceedings{ma2015cloud,
	title={Cloud-based Identity and Access Control for Diagnostic Imaging Systems},
	author={Ma, Weina and Sartipi, Kamran},
	booktitle={Proceedings of the International Conference on Security and Management (SAM)},
	pages={320},
	year={2015},
	organization={The Steering Committee of The World Congress in Computer Science, Computer Engineering and Applied Computing (WorldComp)}
}

@inproceedings{mondal2014beyond,
	title={Beyond access control: Managing online privacy via exposure},
	author={Mondal, Mainack and Druschel, Peter and Gummadi, Krishna P and Mislove, Alan},
	booktitle={Proceedings of the Workshop on Usable Security, USEC},
	volume={14},
	year={2014}
}

@inproceedings{mourad2014towards,
	title={Towards efficient evaluation of XACML policies},
	author={Mourad, Alain and Jebbaoui, Hussein},
	booktitle={Privacy, Security and Trust (PST), 2014 Twelfth Annual International Conference on},
	pages={164--171},
	year={2014},
	organization={IEEE}
}

@thesis{nasim2011privacy,
	title={Privacy-Enhancing Access Control Mechanism in Distributed Online Social Network},
	author={Nasim, Robayet},
	type={Master's thesis},
	address={Sweden},
	institutuion={Royal Institute of Technology},
	year={2011}
}

@report{nist800-122pii,
	author = {Erika McCallister and Tim Grance and Karen Scarfone},
	title = {Guide to Protecting the Confidentiality of Personally Identifiable Information (PII)},
	subtitle = {Special Publication 800-122},
	type = {Tech. Report},
	institution = {National Institute of Standards and Technology},
	date = {April 2010},
	pages = {59},
}

@article{nogueira2013attribute,
	title={An Attribute-Based Public Key Infrastructure},
	author={Nogueira, Hendri and Martina, Jean Everson and Cust{\'o}dio, Ricardo Felipe},
	journal={International Journal of Computer Science and Information Security},
	volume={11},
	number={11},
	pages={11},
	year={2013},
	publisher={LJS Publishing}
}

@thesis{nogueira2014aprimoramento,
	title={Aprimoramento da privacidade em infraestruturas de chaves p\'{u}blicas centradas no usuário e baseadas em not\'{a}rios},
	author={Nogueira, Hendri},
	type={Disserta\c{c}\~{a}o de Mestrado},
	address={Florian\'{o}polis},
	institutuion={Universidade Federal de Santa Catarina},
	year={2014},
}

@book{oecd1981guidelines,
	title={Guidelines on the Protection of Privacy and Transborder Flows of Personal Data},
	author={{Organisation for Economic Co-operation and Development}},
	year={1981},
	publisher={OECD}
}

@online{oecd2013guidelinesupdated,
	title={Recommendation of the Council Concerning Guidelines Governing the Protection of Privacy and Transborder Flows of Personal Data (2013)},
	subtitle = {subtitle},
	titleaddon = {as amended on 11 July 2013 by C(2013)79},
	author={{Organization for Economic Co-Operation and Development}},
	year={2013},
	publisher={OECD},
	url={http://www.oecd.org/sti/ieconomy/2013-oecd-privacy-guidelines.pdf},
	urldate = {10 February 2016},
	note = {[online] \url{http://www.oecd.org/sti/ieconomy/2013-oecd-privacy-guidelines.pdf} (Accessed 10 February 2016)}
}

@online{openid2015,
	title={The OpenID project},
	author={openid},
	year={2005},
	url={http://openid.net/},
	urldate={25 October 2015},
	note = {[online] \url{http://openid.net/} (Accessed 25 October 2015)}		
}

@article{perez2014identity,
	title={Identity Federations Beyond the Web: A Survey},
	author={Perez-Mendez, Alejandro and Pereniguez-Garcia, Fernando and Marin-Lopez, Rafael and Lopez-Millan, Gabriel and Howlett, Josh},
	journal={Communications Surveys \& Tutorials, IEEE},
	volume={16},
	number={4},
	pages={2125--2141},
	year={2014},
	publisher={IEEE}
}

@online{pernulAccesseGov,
	title={Access-eGov: Access to e-Government Services Employing Semantic Technologies},
	author={Pernul, G\"{u}nther},
	year={2009}, 
	url={http://www-wiwi.uni-regensburg.de/Forschung/Projekte/Access-eGov-15.html.en},
	urldate={03 November 2015},
	note = {[online] \url{http://www-wiwi.uni-regensburg.de/Forschung/Projekte/Access-eGov-15.html.en} (Accessed 03 November 2015)}	
}

@misc{pfitzmann2010terminology,
	title={A terminology for talking about privacy by data minimization: Anonymity, unlinkability, undetectability, unobservability, pseudonymity, and identity management},
	author={Pfitzmann, Andreas and Hansen, Marit},
	year={2010}
}

@online{ragouzis2008security,
	title={Security assertion markup language (saml) v2. 0 technical overview},
	author={Ragouzis, Nick and Hughes, John and Philpott, Rob and Maler, Eve and Madsen, Paul and Scavo, Tom},
	journal={OASIS Comittee Draft},
	volume={2},
	year={2008},
	url={http://www.oasis-open.org/committees/download.php/27819/sstc-saml-tech-overview-2.0-cd-02.pdf},
	urldate={25 Oct 2015},	
	note = {[online] \url{http://www.oasis-open.org/committees/download.php/27819/sstc-saml-tech-overview-2.0-cd-02.pdf} (Accessed 25 October 2015)}
}

@online{rissanen2013extensible,
	title={eXtensible access control markup language (XACML) version 3.0 OASIS standard},
	author={Rissanen, Erik},
	date={22 January 2013},
	year={2013}, 
	url={http://docs.oasis-open.org/xacml/3.0/xacml-3.0-core-spec-os-en.html},
	urldate={23 Oct 2015},	
	note = {[online] \url{http://docs.oasis-open.org/xacml/3.0/xacml-3.0-core-spec-os-en.html} (Accessed 23 October 2015)}
}

@inproceedings{Rubio-Medrano2015federated,
	author = {Rubio-Medrano, Carlos E. and Zhao, Ziming and Doupe, Adam and Ahn, Gail-Joon},
	title = {Federated Access Management for Collaborative Network Environments: Framework and Case Study},
	booktitle = {Proceedings of the 20th ACM Symposium on Access Control Models and Technologies},
	series = {SACMAT '15},
	year = {2015},
	isbn = {978-1-4503-3556-0},
	location = {Vienna, Austria},
	pages = {125--134},
	numpages = {10},
	url = {http://doi.acm.org/10.1145/2752952.2752977},
	doi = {10.1145/2752952.2752977},
	acmid = {2752977},
	publisher = {ACM},
	address = {New York, NY, USA},
}

@online{sakimura2014openidconnect,
	title={OpenID Connect Core 1.0 incorporating errata set 1},
	author={Sakimura, N. and Bradley, J. and Jones, M. and de Medeiros, B. and Mortimore, C.},
	year={2014},
	url={http://openid.net/specs/openid-connect-core-1\_0.html},
	urldate={28 Oct 2015},
	note = {[online] \url{http://openid.net/specs/openid-connect-core-1\_0.html} (Accessed 28 October 2015)}
}

@article{sandhu1994access,
	title={Access control: principle and practice},
	author={Sandhu, Ravi S and Samarati, Pierangela},
	journal={Communications Magazine, IEEE},
	volume={32},
	number={9},
	pages={40--48},
	year={1994},
	publisher={IEEE}
}

@article{sandhu1996role,
	title={Role-based access control models},
	author={Sandhu, Ravi S and Coyne, Edward J and Feinstein, Hal L and Youman, Charles E},
	journal={Computer},
	volume={29},
	number={2},
	pages={38--47},
	year={1996},
	publisher={IEEE}
}

@online{sinnema2014xacmlrest,
	title={REST Profile of XACML v3.0 Version 1.0},
	author={Rémon Sinnema},
	date={23 November 2014},
	publisher={OASIS Committee Specification 02},
	year={2014},
	url={http://docs.oasis-open.org/xacml/xacml-rest/v1.0/cs02/xacml-rest-v1.0-cs02.html},
	urldate={28 October 2015},
	note = {[online] \url{http://docs.oasis-open.org/xacml/xacml-rest/v1.0/cs02/xacml-rest-v1.0-cs02.html} (Accessed 28 October 2015)}
}

@article{torres2013survey,
	title={A survey on identity management for the future network},
	author={Torres, Juana and Nogueira, Michele and Pujolle, Guy},
	journal={Communications Surveys \& Tutorials, IEEE},
	volume={15},
	number={2},
	pages={787--802},
	year={2013},
	publisher={IEEE}
}

@inproceedings{yuan2005attributed,
	title={Attributed based access control (ABAC) for web services},
	author={Yuan, Eric and Tong, Jin},
	booktitle={Web Services, 2005. ICWS 2005. Proceedings. 2005 IEEE International Conference on},
	year={2005},
	organization={IEEE}
}



